% This file was created with JabRef 2.10.
% Encoding: Cp1252


@Electronic{,
  Title                    = {Game Boy CPU Manual},
  Author                   = {Pascal Felber and Paul Robson and Martin Korth},
  HowPublished             = {Elektronic document},
  Language                 = {English},
  Url                      = {http://marc.rawer.de/Gameboy/Docs/GBCPUman.pdf},

  Owner                    = {Gert-Jan},
  Timestamp                = {2014.10.15}
}

@Electronic{PIC_REFERENCE,
  Title                    = {PIC18F2525/2620/4525/4620 Data Sheet},
  Author                   = {Microchip},
  HowPublished             = {Elektronic publication},
  Language                 = {English},
  Organization             = {Microchip},
  Url                      = {http://ww1.microchip.com/downloads/en/DeviceDoc/39626e.pdf},
  Year                     = {2008},

  Owner                    = {Gert-Jan},
  Timestamp                = {2014.10.15}
}

